%% This BibTeX bibliography file was created using BibDesk.
%% http://bibdesk.sourceforge.net/


%% Created for Nicola Gambino at 2015-04-21 11:35:00 +0100 


%% Saved with string encoding Unicode (UTF-8) 


@string{academic = {Academic Press}}

@string{acmmathsoft = {{ACM} Trans. Math. Software}}

@string{acmpress = {{ACM} Press}}

@string{adamhilger = {Adam Hilger}}

@string{addisonwesley = {Addison-Wesley}}

@string{allynbacon = {Allyn and Bacon}}

@string{amermathmonthly = {Amer. Math. Monthly}}

@string{amersocio = {American Journal of Sociology}}

@string{amerstatassoc = {J. Amer. Statist. Assoc.}}

@string{ams = {American Mathematical Society}}

@string{amstrans = {Amer. Math. Soc. Transl.}}

@string{applmathcomp = {Appl. Math. Comput.}}

@string{birkhauser = {Birkha{\"u}ser}}

@string{bit = {{BIT}}}

@string{britstatpsych = {Brit. J. Math. Statist. Psych.}}

@string{bullams = {Bull. Amer. Math. Soc.}}

@string{cacm = {Commun. {ACM}}}

@string{cambridgepress = {Cambridge University Press}}

@string{canmathbull = {Canad. Math. Bull.}}

@string{chelsea = {Chelsea}}

@string{claredonpress = {Claredon Press}}

@string{compapplmath = {J. Comput. Appl. Math.}}

@string{compjour = {Comput. J.}}

@string{compphys = {J. Comput. Phys.}}

@string{compserv = {Comput. Surveys}}

@string{compstruct = {Comput. \& Structures}}

@string{compsyssci = {J. Comput. System Sci.}}

@string{computer = {{IEEE} Computer}}

@string{computing = {Computing}}

@string{contempmath = {Contemp. Math.}}

@string{crelle = {Crelle's Journal}}

@string{doverpub = {Dover Publications}}

@string{eyolles = {Eyolles}}

@string{giornalemath = {Giorn. Mat.}}

@string{holtrinehartwinston = {Holt, Rinehart and Winston}}

@string{ieeespec = {{IEEE} Spectrum}}

@string{ieeetransac = {{IEEE} Trans. Automat. Control}}

@string{ieeetransaeroelec = {{IEEE} Trans. Aerospace Electron. Systems}}

@string{ieeetranscomp = {{IEEE} Trans. Comput.}}

@string{imanumerana = {{IMA} J. Numer. Anal.}}

@string{infproclet = {Inform. Process. Lett.}}

@string{instmathapp = {J. Inst. Math. Appl.}}

@string{intcontrol = {Internat. J. Control}}

@string{interscience = {Interscience}}

@string{intnumereng = {Internat. J. Numer. Methods Engrg.}}

@string{intsuper = {Internat. J. Supercomputing Applic.}}

@string{jacm = {J. ACM}}

@string{johnshopkinspress = {The Johns Hopkins University Press}}

@string{johnwileysons = {John Wiley and Sons}}

@string{jresnatburstand = {J. Res. Nat. Bur. Standards}}

@string{jsiam = {J. Soc. Indust. Appl. Math.}}

@string{jsiamb = {J. Soc. Indust. Appl. Math. Ser. B Numer. Anal.}}

@string{kibernetika = {Kibernetika}}

@string{linalgapp = {Linear Algebra Appl.}}

@string{macmillan = {Macmillan}}

@string{mathanaappl = {J. Math. Anal. Appl.}}

@string{mathannalen = {Math. Ann.}}

@string{mathcomp = {Math. Comp.}}

@string{mathphys = {J. Math. Phys.}}

@string{mathscand = {Math. Scand.}}

@string{mathworks = {The Math Works Inc.}}

@string{mcgrawhill = {McGraw-Hill}}

@string{natburstd = {National Bureau of Standards}}

@string{northholland = {North-Holland}}

@string{numermath = {Numer. Math.}}

@string{oxfordpress = {Oxford University Press}}

@string{pacificmath = {Pacific J. Math.}}

@string{parcomputing = {Parallel Comput.}}

@string{pardistcomp = {J. Parallel and Distrib. Comput.}}

@string{pergamonpress = {Pergamon Press}}

@string{philmag = {Philos. Mag.}}

@string{plenumpress = {Plenum Press}}

@string{prenticehall = {Prentice-Hall}}

@string{procams = {Proc. Amer. Math. Soc.}}

@string{procieee = {Proc. {IEEE}}}

@string{procnas = {Proc. Nat. Acad. Sci. U. S. A.}}

@string{psychometrika = {Psychometrika}}

@string{quartapplmath = {Quart. Appl. Math.}}

@string{quartmath = {Quart. J. Math. Oxford Ser. (2)}}

@string{revueinststat = {Rev. Inst. Internat. Statist.}}

@string{siamalgmeth = {{SIAM} J. Algebraic Discrete Methods}}

@string{siamappmath = {{SIAM} J. Appl. Math.}}

@string{siamcomp = {{SIAM} J. Comput.}}

@string{siammatrix = {{SIAM} J. Matrix Anal. Appl.}}

@string{siamnumanal = {{SIAM} J. Numer. Anal.}}

@string{siampub = {{SIAM} Publications}}

@string{siamreview = {{SIAM} Rev.}}

@string{siamscistat = {{SIAM} J. Sci. Statist. Comput.}}

@string{signum = {{ACM} {SIGNUM} Newslett.}}

@string{softpracexp = {Software Prac. Experience}}

@string{springer = {Springer-Verlag}}

@string{statscience = {Statist. Sci.}}

@string{tablesaidscomp = {Math. Tables Aids Comput.}}

@string{techno = {Technometrics}}

@string{texaspress = {University of Texas Press}}

@string{transams = {Trans. Amer. Math. Soc.}}

@string{ussrcompmathphys = {{U. S. S. R.} Comput. Math. and Math. Phys.}}

@string{vannostrand = {Van Nostrand}}

@string{vlsicompsys = {J. {VLSI} Comput. Syst.}}

@string{whfreeman = {W. H. Freeman and Co.}}

@string{zangewmathmech = {Z. Angew. Math. Mech.}}

@string{zangewmathphys = {Z. Angew. Math. Phys.}}


@misc{Joyal:cathtt,
	Author = {A. Joyal},
	Date-Added = {2015-04-21 10:28:32 +0000},
	Date-Modified = {2015-04-21 10:29:59 +0000},
	Howpublished = {Slides of a seminar given at {MIT}. Available from \url{http://ncatlab.org/homotopytypetheory/files/Joyal.pdf}},
	Title = {Categorical homotopy type theory},
	Year = {2014}}

@article{AbbottM:concsp,
	Author = {M. Abbott and T. Altenkirch and N. Ghani},
	Journal = {Theoretical Computer Science},
	Number = {1},
	Pages = {3--27},
	Title = {Containers: {C}onstructing strictly positive types},
	Volume = {342},
	Year = {2005}}

@inproceedings{AltenkirchT:obsen,
	Author = {T. Altenkirch and C. McBride and W. Swierstra},
	Booktitle = {Programming languages meets program verification (PLPV '07)},
	Pages = {57--68},
	Publisher = {ACM},
	Title = {Observational equality, now},
	Year = {2007}}

@misc{AwodeyS:typth,
	Author = {S. Awodey},
	Note = {Available from the author's web page},
	Title = {Type theory and homotopy},
	Year = {2010}}

@article{AwodeyS:prot,
	Author = {S. Awodey and A. Bauer},
	Journal = {Journal of Logic and Computation},
	Number = {4},
	Pages = {447--471},
	Title = {Propositions as [types]},
	Volume = {14},
	Year = {2004}}

@misc{AwodeyS:indtht,
	Author = {S. Awodey and N. Gambino and K. Sojakova},
	Note = {Available at: www.andrew.cmu.edu/$\sim$awodey/hott/ithottCoq.zip},
	Title = {Inductive types in {H}omotopy {T}ype {T}heory: {C}oq proofs},
	Year = {2011}}

@article{AwodeyS:homtmi,
	Author = {S. Awodey and M. Warren},
	Journal = {Mathematical Proceedings of the Cambridge Philosophical Society},
	Number = {1},
	Pages = {45--55},
	Title = {Homotopy-theoretic models of identity types},
	Volume = {146},
	Year = {2009}}

@article{BataninM:mongcn,
	Author = {M. Batanin},
	Journal = {Advances in Mathematics},
	Number = {1},
	Pages = {39--103},
	Title = {Monoidal globular categories as a natural environment for the theory of weak $n$-categories},
	Volume = {136},
	Year = {1998}}

@book{BoardmanM:homiast,
	Author = {M. Boardman and R. Vogt},
	Number = {347},
	Publisher = {Springer-Verlag},
	Series = {Lecture Notes in Mathematics},
	Title = {Homotopy-invariant algebraic structures on topological spaces},
	Year = {1973}}

@book{BertotY:inttpp,
	Author = {Y. Bertot and P. Cast{\'e}ran},
	Publisher = {Springer-Verlag},
	Title = {Interactive Theorem Proving and Program Development. {C}oq'{A}rt: the {C}alculus of {I}nductive {C}onstructions},
	Year = {2004}}

@inproceedings{CoquandT:inddt,
	Author = {T. Coquand and C. Paulin-Mohring},
	Booktitle = {International Conference on Computer Logic (COLOG '88)},
	Publisher = {Springer},
	Series = {LNCS},
	Title = {Inductively defined types},
	Volume = {417},
	Year = {1990}}
	
@misc{Danielsson:Wtypes,
	Author = {N.A. Danielsson},
	Note = {Post on the Homotopy Type Theory blog},
	Title = {Positive h-levels are closed under W},
	Year = {2012}}

@article{DybjerP:repids,
	Author = {P. Dybjer},
	Journal = {Theoretical Computer Science},
	Pages = {329--335},
	Title = {Representing inductively defined sets by well-orderings in {M}artin-{L}{\"o}f's type theory},
	Volume = {176},
	Year = {1997}}

@inproceedings{GambinoN:weltdp,
	Author = {N. Gambino and M. Hyland},
	Booktitle = {Types for Proofs and Programs (TYPES '03)},
	Editor = {S. Berardi and M. Coppo and F. Damiani},
	Pages = {210--225},
	Series = {LNCS},
	Title = {Well-founded trees and dependent polynomial functors},
	Volume = {3085},
	Year = {2004}}

@article{GarnerR:strdpt,
	Author = {R. Garner},
	Journal = {Annals of Pure and Applied Logic},
	Pages = {1--12},
	Title = {On the strength of dependent products in the type theory of {M}artin-{L}\"of},
	Volume = {160},
	Year = {2009}}

@inproceedings{GoguenH:inddtw,
	Author = {H. Goguen and Z. Luo},
	Booktitle = {Logical Environments},
	Editor = {G. Huet and G. Plotkin},
	Pages = {198--218},
	Publisher = {Cambridge University Press},
	Title = {Inductive data types: well-ordering types revisited},
	Year = {1993}}

@article{GrifforE:strsml,
	Author = {E. Griffor and M. Rathjen},
	Journal = {Archive for Mathematical Logic},
	Number = {5},
	Pages = {347--385},
	Title = {The strength of some {M}artin-{L}\"of type theories},
	Volume = {33},
	Year = {1994}}

@article{BlackwellR:twodmt,
	Author = {R. Blackwell and G. M. Kelly and A. J. Power},
	Journal = {Journal of Pure and Applied Algebra},
	Number = {1},
	Pages = {1--41},
	Title = {Two-dimensional monad theory},
	Volume = {59},
	Year = {1989}}

@inproceedings{HofmannM:gromtt,
	Author = {M. Hofmann and T. Streicher},
	Booktitle = {Twenty-five years of constructive type theory 1995},
	Pages = {83--111},
	Publisher = {Oxford Univ. Press},
	Series = {Oxford Logic Guides},
	Title = {The groupoid interpretation of type theory},
	Volume = {36},
	Year = {1998}}

@book{HofmannM:extcit,
	Author = {M. Hofmann},
	Publisher = {Springer-Verlag},
	Title = {Extensional constructs in intensional type theory},
	Year = {1997}}

@inproceedings{HowardWH:foratn,
	Author = {W. Howard},
	Booktitle = {To {H}.{B}. {C}urry: {E}ssays on {C}ombinatory {L}ogic, {L}ambda {C}alculus and {F}ormalism},
	Editor = {J. Seldin and J. Hindley},
	Pages = {479--490},
	Publisher = {Academic Press},
	Title = {The formulae-as-types notion of construction},
	Year = {1980}}

@book{LurieJ:higtt,
	Author = {J. Lurie},
	Publisher = {Princeton University Press},
	Title = {Higher topos theory},
	Year = {2009}}

@book{LeinsterT:higohc,
	Author = {T. Leinster},
	Publisher = {Cambridge University Press},
	Title = {Higher operads, higher categories},
	Year = {2004}}

@article{LumsdaineP:weaci,
	Author = {P. Lumsdaine},
	Journal = {Logical Methods in Computer Science},
	Pages = {1--19},
	Title = {Weak $\omega$-categories from intensional type theory},
	Volume = {6},
	Year = {2010}}

@phdthesis{Lumsdaine:higcft,
	Author = {P. Lumsdaine},
	School = {Carnegie Mellon University},
	Title = {Higher categories from type theories},
	Year = {2010}}

@misc{LumsdaineP:higit,
	Author = {P. Lumsdaine},
	Note = {Post on the Homotopy Type Theory blog},
	Title = {Higher inductive types: a tour of the menagerie},
	Year = {2011}}

@inproceedings{MartinLofP:intttp,
	Author = {P. Martin-L{\"o}f},
	Booktitle = {Logic Colloquium 1973},
	Editor = {H. Rose and J. Shepherdson},
	Pages = {73---118},
	Publisher = {North-Holland},
	Title = {An Intuitionistic Theory of Types: {P}redicative Part},
	Year = {1975}}

@inproceedings{MartinLofP:conmcp,
	Author = {P. Martin-L{\"o}f},
	Booktitle = {Logic, Methodology and Philosophy of Science},
	Pages = {153---175},
	Publisher = {North-Holland},
	Title = {Constructive mathematics and computer programming},
	Year = {1982}}

@misc{MartinLofP:inttt,
	Author = {P. Martin-L{\"o}f},
	Note = {Bibliopolis},
	Title = {Intuitionistic Type Theory. Notes by {G}. {S}ambin of a series of lectures given in {P}adua, 1980},
	Year = {1984}}

@misc{McBrideC:wtygnb,
	Author = {C. McBride},
	Note = {Post on the Epigram blog},
	Title = {W-types: good news and bad news},
	Year = {2010}}

@article{McBrideC:viefl,
	Author = {C. McBride and J. McKinna},
	Journal = {Journal of Functional Programming},
	Number = {1},
	Pages = {16--111},
	Title = {The view from the left},
	Volume = {14},
	Year = {2004}}

@article{MoerdijkI:weltc,
	Author = {I. Moerdijk and E. Palmgren},
	Journal = {Annals of Pure and Applied Logic},
	Pages = {189--218},
	Title = {Well-founded trees in categories},
	Volume = {104},
	Year = {2000}}

@book{Nordstr\"omB:promlt,
	Author = {B. Nordstrom and K. Petersson and J. Smith},
	Publisher = {Oxford University Press},
	Title = {Programming in {M}artin-{L}\"of type theory},
	Year = {1990}}

@inproceedings{Nordstr\"omB:marltt,
	Author = {B. Nordstrom and K. Petersson and J. Smith},
	Booktitle = {Handbook of Logic in Computer Science},
	Pages = {1---37},
	Publisher = {Oxford University Press},
	Title = {{M}artin-{L}\"of type theory},
	Volume = {5},
	Year = {2000}}

@phdthesis{NorellU:towppl,
	Author = {U. Norell},
	School = {Chalmers University of Technology},
	Title = {Towards a Practical Programming Language Based on Dependent Type Theory},
	Year = {2007}}

@inproceedings{PaulinMorhringC:inddsc,
	Author = {C. Paulin-Mohring},
	Booktitle = {Typed Lambda Calculi and Applications (TLCA '93)},
	Publisher = {Springer},
	Title = {Inductive definitions in the system {C}oq - rules and properties},
	Volume = {664},
	Year = {1993}}

@inproceedings{PeterssonK:setcis,
	Author = {K. Petersson and D. Synek},
	Booktitle = {Category Theory and Computer Science},
	Publisher = {Springer-Verlag},
	Series = {LNCS},
	Title = {A set constructor for inductive sets in {M}artin-{L}\"of type theory},
	Volume = {389},
	Year = {1989}}

@misc{ShulmanM:higit,
	Author = {M. Shulman},
	Note = {Post on the n-category cafe blog},
	Title = {{Homotopy Type Theory, VI}},
	Year = {2011}}

@misc{StreicherT:invitt,
	Author = {T. Streicher},
	Note = {{H}abilitation Thesis. Available from the author's web page.},
	Title = {Investigations into intensional type theory},
	Year = {1993}}

@article{vandenBergB:topsmi,
	Author = {B. van den Berg and R. Garner},
	Journal = {ACM Transactions on Computational Logic},
	Number = {1},
	Title = {Topological and Simplicial Models of Identity Types},
	Volume = {13},
	Year = {2012}}
	
@article{vandenBergMoerdijk:Wtypes,
	Author = {B. van den Berg and I. Moerdijk},
	Journal = {Mathematical Structures in Computer Science},
	Number = {1},
	Title = {W-types in homotopy type theory},
	Note = {to appear}}

@article{vandenBergB:typwg,
	Author = {B. van den Berg and R. Garner},
	Journal = {Journal of the London Mathematical Society},
	Number = {2},
	Pages = {370--394},
	Title = {Types are weak $\omega$-groupoids},
	Volume = {102},
	Year = {2011}}

@misc{VoevodskyV:notts,
	Author = {V. Voevodsky},
	Note = {Available from the author's web page},
	Title = {Notes on type systems},
	Year = {2009}}

@misc{VoevodskyV:unifp,
	Author = {V. Voevodsky},
	Note = {Available from the author's web page},
	Title = {Univalent foundations project},
	Year = {2010}}
	
%@misc{VoevodskyV:unifc,
%	Author = {V. Voevodsky},
%	Note = {Available from the author's web page},
%	Title = {Univalent foundations {C}oq files},
%	Year = {2010}}

@article{VoevodskyV:unifc,
author = {VOEVODSKY,VLADIMIR},
title = {An experimental library of formalized Mathematics based on the univalent foundations},
journal = {Mathematical Structures in Computer Science},
volume = {FirstView},
month = {4},
year = {2015},
issn = {1469-8072},
pages = {1--17},
numpages = {17},
doi = {10.1017/S0960129514000577},
URL = {http://journals.cambridge.org/article_S0960129514000577},
}

@phdthesis{warren_phd,
	Author = {M. Warren},
	School = {Carnegie Mellon University},
	Title = {Homotopy-theoretic aspects of constructive type theory},
	Year = {2008}}

@article{garner,
	Author = {R. Garner},
	Journal = {Mathematical Structures in Computer Science},
	Number = {4},
	Pages = {687--736},
	Title = {Two-dimensional models of type theory},
	Volume = {19},
	Year = {2009}}

@unpublished{ssets,
	Author = {C. Kapulkin and P. Lumsdaine and V. Voevodsky},
	Note = {Available at arxiv.org as arXiv:1211.2851v1},
	Title = {The Simplicial Model of Univalent Foundations},
	Year = {2012}}

@book{hott,
	Author = {{The Univalent Foundations Program, Institute for Advanced Study}},
	Publisher = {Univalent Foundations Project},
	Title = {{Homotopy Type Theory} - {U}nivalent Foundations of Mathematics},
	Year = {2013}}

@unpublished{streichersk,
	Author = {T. Streicher},
	Note = {Habilitation Thesis. Available from the author's web page},
	Title = {Investigations into intensional type theory, 1993}}

@inproceedings{licata_shulman,
	Author = {D. Licata and M. Shulman},
	Booktitle = {Logic in Computer Science (LICS 2013)},
	Pages = {223--232},
	Publisher = {IEEE Computer Society},
	Title = {Calculating the Fundamental Group of the Circle in {Homotopy Type Theory}},
	Year = {2013}}

@misc{trunc_inverse,
	Author = {N. Kraus},
	Note = {Post on the Homotopy Type Theory blog},
	Title = {The truncation map {$|\_| : \mathbb{N} \to ||\mathbb{N}||$} is nearly invertible},
	Year = {2013}}

@inproceedings{wtypes,
	Author = {S. Awodey and N. Gambino and K. Sojakova},
	Booktitle = {Logic in Computer Science (LICS 2012)},
	Pages = {95--104},
	Publisher = {IEEE Computer Society},
	Title = {Inductive types in {Homotopy Type Theory}},
	Year = {2012}}

@techreport{tech_report,
	Author = {K. Sojakova},
	Institution = {Carnegie Mellon University},
	Note = {Available at \url{http://reports-archive.adm.cs.cmu.edu/}},
	Number = {CMU-CS-14-101},
	Title = {Higher inductive types as homotopy-initial algebras},
	Year = {2014}}

@article{gambino_garner,
	Author = {N. Gambino and R. Garner},
	Journal = {Theoretical Computer Science},
	Number = {3},
	Pages = {94---109},
	Title = {The identity type weak factorisation system},
	Volume = {409},
	Year = {2008}}

@inproceedings{licata_harper,
	Author = {D. Licata and R. Harper},
	Booktitle = {Principles of Programming Languages (POPL 2012)},
	Pages = {337-348},
	Publisher = {ACM},
	Title = {Canonicity for 2-dimensional type theory},
	Year = {2012}}

@manual{coq,
	Author = {Coq Development Team},
	Note = {Available at \url{coq.inria.fr}},
	Organization = {INRIA},
	Title = {The {Coq} Proof Assistant Reference Manual, version 8.4pl3},
	Year = {2012}}

@inproceedings{licata_brunerie,
	Author = {D. Licata and G. Brunerie},
	Booktitle = {Certified Programs and Proofs},
	Pages = {1-16},
	Publisher = {Springer},
	Series = {LNCS},
	Title = {$\Pi_n(\mathbf{S}^n)$ in {Homotopy Type Theory}},
	Volume = {8307},
	Year = {2013}}

@misc{uf_talk,
	Author = {V. Voevodsky},
	Note = {Invited talk at the Workshop on Logic, Language, Information and Computation (WoLLIC 2011)},
	Title = {Univalent foundations of mathematics},
	Year = {2011}}

@misc{uni_poly,
	Author = {M. Sozeau},
	Note = {Talk at the Typex meeting. Available from the author's webpage},
	Title = {Universe polymorphism: {S}ubtyping and unification},
	Year = {2013}}
